<record><leader>00000cas a2200000 i 4500</leader><controlfield tag="001">861283026</controlfield><controlfield tag="006">m     o  d        </controlfield><controlfield tag="007">cr |||||||||||</controlfield><controlfield tag="008">131023d19091922txuwr neo     0   a0eng  </controlfield><datafield ind1=" " ind2=" " tag="010"><subfield code="a">  2013218996</subfield></datafield><datafield ind1=" " ind2=" " tag="040"><subfield code="a">DLC</subfield><subfield code="b">eng</subfield><subfield code="e">rda</subfield><subfield code="c">DLC</subfield><subfield code="d">DLC</subfield><subfield code="d">OCLCF</subfield></datafield><datafield ind1="0" ind2=" " tag="022"><subfield code="a">2331-6357</subfield><subfield code="2">1</subfield></datafield><datafield ind1="1" ind2=" " tag="029"><subfield code="a">NZ1</subfield><subfield code="b">15124597</subfield></datafield><datafield ind1=" " ind2=" " tag="042"><subfield code="a">pcc</subfield><subfield code="a">nsdp</subfield></datafield><datafield ind1=" " ind2=" " tag="043"><subfield code="a">n-us-tx</subfield></datafield><datafield ind1="1" ind2="0" tag="050"><subfield code="a">ISSN RECORD</subfield></datafield><datafield ind1="0" ind2="0" tag="082"><subfield code="a">071</subfield><subfield code="2">23</subfield></datafield><datafield ind1="0" ind2=" " tag="130"><subfield code="a">Lubbock avalanche (Lubbock, Tex. : 1909 : Online)</subfield></datafield><datafield ind1=" " ind2="4" tag="222"><subfield code="a">The Lubbock avalanche</subfield><subfield code="b">(Lubbock, Tex. 1909. Online)</subfield></datafield><datafield ind1="1" ind2="4" tag="245"><subfield code="a">The Lubbock avalanche.</subfield></datafield><datafield ind1="1" ind2="3" tag="246"><subfield code="a">Avalanche</subfield></datafield><datafield ind1=" " ind2="1" tag="264"><subfield code="a">Lubbock, Lubbock County, Texas :</subfield><subfield code="b">The Avalanche Publishing Co. Incorporated</subfield></datafield><datafield ind1=" " ind2=" " tag="310"><subfield code="a">Semiweekly,</subfield><subfield code="b">&lt;1922-&gt;</subfield></datafield><datafield ind1=" " ind2=" " tag="321"><subfield code="a">Weekly</subfield></datafield><datafield ind1=" " ind2=" " tag="336"><subfield code="a">text</subfield><subfield code="b">txt</subfield><subfield code="2">rdacontent</subfield></datafield><datafield ind1=" " ind2=" " tag="337"><subfield code="a">computer</subfield><subfield code="b">c</subfield><subfield code="2">rdamedia</subfield></datafield><datafield ind1=" " ind2=" " tag="338"><subfield code="a">online resource</subfield><subfield code="b">cr</subfield><subfield code="2">rdacarrier</subfield></datafield><datafield ind1="1" ind2=" " tag="362"><subfield code="a">Began in 1909; ceased in 1922?</subfield></datafield><datafield ind1=" " ind2=" " tag="588"><subfield code="a">Description based on: Volume X, number 18 (November 11, 1909); title from masthead (Chroniclingamerica.loc.gov, viewed October 23, 2013).</subfield></datafield><datafield ind1=" " ind2=" " tag="588"><subfield code="a">Latest issue consulted: Volume XXIII, no. 71 (October 31, 1922) (Chroniclingamerica.loc.gov, viewed October 23, 2013).</subfield></datafield><datafield ind1=" " ind2="0" tag="651"><subfield code="a">Lubbock (Tex.)</subfield><subfield code="v">Newspapers.</subfield></datafield><datafield ind1=" " ind2="7" tag="655"><subfield code="a">Newspapers.</subfield><subfield code="2">fast</subfield><subfield code="0">(OCoLC)fst01423814</subfield></datafield><datafield ind1=" " ind2="7" tag="651"><subfield code="a">Texas</subfield><subfield code="z">Lubbock.</subfield><subfield code="2">fast</subfield><subfield code="0">(OCoLC)fst01202740</subfield></datafield><datafield ind1=" " ind2=" " tag="752"><subfield code="a">United States</subfield><subfield code="b">Texas</subfield><subfield code="c">Lubbock</subfield><subfield code="d">Lubbock.</subfield></datafield><datafield ind1="0" ind2="8" tag="776"><subfield code="i">Originally issued in print:</subfield><subfield code="t">Lubbock avalanche (Lubbock, Tex. : 1909)</subfield><subfield code="x">2331-6349</subfield><subfield code="w">(DLC)sn 86088055</subfield><subfield code="w">(OCoLC)13942131</subfield></datafield><datafield ind1="0" ind2="0" tag="780"><subfield code="t">Avalanche (Lubbock, Tex. : Online)</subfield><subfield code="x">2331-6217</subfield><subfield code="w">(DLC)  2013218994</subfield><subfield code="w">(OCoLC)861279800</subfield></datafield><datafield ind1="0" ind2="0" tag="785"><subfield code="t">Lubbock daily avalanche (Online)</subfield></datafield><datafield ind1="4" ind2="0" tag="856"><subfield code="u">http://chroniclingamerica.loc.gov/lccn/sn86088055/issues</subfield></datafield></record>